%YAML 1.1
%TAG !u! tag:unity3d.com,2011:
--- !u!1 &7593725981300645195
GameObject:
  m_ObjectHideFlags: 0
  m_CorrespondingSourceObject: {fileID: 0}
  m_PrefabInstance: {fileID: 0}
  m_PrefabAsset: {fileID: 0}
  serializedVersion: 6
  m_Component:
  - component: {fileID: 8746388363648410500}
  - component: {fileID: 424659961220197243}
  m_Layer: 0
  m_Name: SmokeEffect
  m_TagString: Untagged
  m_Icon: {fileID: 0}
  m_NavMeshLayer: 0
  m_StaticEditorFlags: 0
  m_IsActive: 1
--- !u!4 &8746388363648410500
Transform:
  m_ObjectHideFlags: 0
  m_CorrespondingSourceObject: {fileID: 0}
  m_PrefabInstance: {fileID: 0}
  m_PrefabAsset: {fileID: 0}
  m_GameObject: {fileID: 7593725981300645195}
  m_LocalRotation: {x: 0, y: 0, z: 0, w: 1}
  m_LocalPosition: {x: 0, y: 0, z: 0}
  m_LocalScale: {x: 1, y: 1, z: 1}
  m_ConstrainProportionsScale: 0
  m_Children:
  - {fileID: 5854833912165731589}
  - {fileID: 3597409943674857670}
  - {fileID: 324498485893085211}
  m_Father: {fileID: 0}
  m_RootOrder: 0
  m_LocalEulerAnglesHint: {x: 0, y: 0, z: 0}
--- !u!114 &424659961220197243
MonoBehaviour:
  m_ObjectHideFlags: 0
  m_CorrespondingSourceObject: {fileID: 0}
  m_PrefabInstance: {fileID: 0}
  m_PrefabAsset: {fileID: 0}
  m_GameObject: {fileID: 7593725981300645195}
  m_Enabled: 1
  m_EditorHideFlags: 0
  m_Script: {fileID: 11500000, guid: 1b994f808a68a404da21dd2c4ee697ab, type: 3}
  m_Name: 
  m_EditorClassIdentifier: 
--- !u!1001 &2195977460375989382
PrefabInstance:
  m_ObjectHideFlags: 0
  serializedVersion: 2
  m_Modification:
    serializedVersion: 3
    m_TransformParent: {fileID: 8746388363648410500}
    m_Modifications:
    - target: {fileID: 1943712785174533277, guid: 8e9f5b86d9ee9114aa8ae63f63be8feb, type: 3}
      propertyPath: m_RootOrder
      value: 0
      objectReference: {fileID: 0}
    - target: {fileID: 1943712785174533277, guid: 8e9f5b86d9ee9114aa8ae63f63be8feb, type: 3}
      propertyPath: m_LocalPosition.x
      value: 0
      objectReference: {fileID: 0}
    - target: {fileID: 1943712785174533277, guid: 8e9f5b86d9ee9114aa8ae63f63be8feb, type: 3}
      propertyPath: m_LocalPosition.y
      value: 0
      objectReference: {fileID: 0}
    - target: {fileID: 1943712785174533277, guid: 8e9f5b86d9ee9114aa8ae63f63be8feb, type: 3}
      propertyPath: m_LocalPosition.z
      value: 0
      objectReference: {fileID: 0}
    - target: {fileID: 1943712785174533277, guid: 8e9f5b86d9ee9114aa8ae63f63be8feb, type: 3}
      propertyPath: m_LocalRotation.w
      value: 1
      objectReference: {fileID: 0}
    - target: {fileID: 1943712785174533277, guid: 8e9f5b86d9ee9114aa8ae63f63be8feb, type: 3}
      propertyPath: m_LocalRotation.x
      value: 0
      objectReference: {fileID: 0}
    - target: {fileID: 1943712785174533277, guid: 8e9f5b86d9ee9114aa8ae63f63be8feb, type: 3}
      propertyPath: m_LocalRotation.y
      value: 0
      objectReference: {fileID: 0}
    - target: {fileID: 1943712785174533277, guid: 8e9f5b86d9ee9114aa8ae63f63be8feb, type: 3}
      propertyPath: m_LocalRotation.z
      value: 0
      objectReference: {fileID: 0}
    - target: {fileID: 1943712785174533277, guid: 8e9f5b86d9ee9114aa8ae63f63be8feb, type: 3}
      propertyPath: m_LocalEulerAnglesHint.x
      value: 0
      objectReference: {fileID: 0}
    - target: {fileID: 1943712785174533277, guid: 8e9f5b86d9ee9114aa8ae63f63be8feb, type: 3}
      propertyPath: m_LocalEulerAnglesHint.y
      value: 0
      objectReference: {fileID: 0}
    - target: {fileID: 1943712785174533277, guid: 8e9f5b86d9ee9114aa8ae63f63be8feb, type: 3}
      propertyPath: m_LocalEulerAnglesHint.z
      value: 0
      objectReference: {fileID: 0}
    - target: {fileID: 1943712785174533280, guid: 8e9f5b86d9ee9114aa8ae63f63be8feb, type: 3}
      propertyPath: m_Name
      value: Smoke3
      objectReference: {fileID: 0}
    - target: {fileID: 1943712785174533282, guid: 8e9f5b86d9ee9114aa8ae63f63be8feb, type: 3}
      propertyPath: looping
      value: 0
      objectReference: {fileID: 0}
    - target: {fileID: 1943712785174533282, guid: 8e9f5b86d9ee9114aa8ae63f63be8feb, type: 3}
      propertyPath: lengthInSec
      value: 2
      objectReference: {fileID: 0}
    - target: {fileID: 1943712785174533282, guid: 8e9f5b86d9ee9114aa8ae63f63be8feb, type: 3}
      propertyPath: playOnAwake
      value: 0
      objectReference: {fileID: 0}
    - target: {fileID: 1943712785174533282, guid: 8e9f5b86d9ee9114aa8ae63f63be8feb, type: 3}
      propertyPath: simulationSpeed
      value: 3
      objectReference: {fileID: 0}
    - target: {fileID: 1943712785174533282, guid: 8e9f5b86d9ee9114aa8ae63f63be8feb, type: 3}
      propertyPath: UVModule.timeMode
      value: 0
      objectReference: {fileID: 0}
    - target: {fileID: 1943712785174533282, guid: 8e9f5b86d9ee9114aa8ae63f63be8feb, type: 3}
      propertyPath: startDelay.scalar
      value: 0
      objectReference: {fileID: 0}
    - target: {fileID: 1943712785174533282, guid: 8e9f5b86d9ee9114aa8ae63f63be8feb, type: 3}
      propertyPath: UVModule.speedRange.x
      value: 0
      objectReference: {fileID: 0}
    - target: {fileID: 1943712785174533282, guid: 8e9f5b86d9ee9114aa8ae63f63be8feb, type: 3}
      propertyPath: UVModule.speedRange.y
      value: 1
      objectReference: {fileID: 0}
    - target: {fileID: 1943712785174533282, guid: 8e9f5b86d9ee9114aa8ae63f63be8feb, type: 3}
      propertyPath: VelocityModule.enabled
      value: 0
      objectReference: {fileID: 0}
    - target: {fileID: 1943712785174533282, guid: 8e9f5b86d9ee9114aa8ae63f63be8feb, type: 3}
      propertyPath: VelocityModule.x.scalar
      value: 1
      objectReference: {fileID: 0}
    - target: {fileID: 1943712785174533282, guid: 8e9f5b86d9ee9114aa8ae63f63be8feb, type: 3}
      propertyPath: VelocityModule.y.scalar
      value: 1
      objectReference: {fileID: 0}
    - target: {fileID: 1943712785174533282, guid: 8e9f5b86d9ee9114aa8ae63f63be8feb, type: 3}
      propertyPath: VelocityModule.z.scalar
      value: 1
      objectReference: {fileID: 0}
    - target: {fileID: 1943712785174533282, guid: 8e9f5b86d9ee9114aa8ae63f63be8feb, type: 3}
      propertyPath: UVModule.startFrame.scalar
      value: 0
      objectReference: {fileID: 0}
    - target: {fileID: 1943712785174533282, guid: 8e9f5b86d9ee9114aa8ae63f63be8feb, type: 3}
      propertyPath: VelocityModule.x.minMaxState
      value: 0
      objectReference: {fileID: 0}
    - target: {fileID: 1943712785174533282, guid: 8e9f5b86d9ee9114aa8ae63f63be8feb, type: 3}
      propertyPath: VelocityModule.y.minMaxState
      value: 0
      objectReference: {fileID: 0}
    - target: {fileID: 1943712785174533282, guid: 8e9f5b86d9ee9114aa8ae63f63be8feb, type: 3}
      propertyPath: VelocityModule.z.minMaxState
      value: 0
      objectReference: {fileID: 0}
    - target: {fileID: 1943712785174533282, guid: 8e9f5b86d9ee9114aa8ae63f63be8feb, type: 3}
      propertyPath: InitialModule.startSpeed.scalar
      value: 0
      objectReference: {fileID: 0}
    - target: {fileID: 1943712785174533282, guid: 8e9f5b86d9ee9114aa8ae63f63be8feb, type: 3}
      propertyPath: LifetimeByEmitterSpeedModule.enabled
      value: 0
      objectReference: {fileID: 0}
    - target: {fileID: 1943712785174533282, guid: 8e9f5b86d9ee9114aa8ae63f63be8feb, type: 3}
      propertyPath: UVModule.frameOverTime.maxCurve.m_Curve.Array.data[0].value
      value: 0
      objectReference: {fileID: 0}
    - target: {fileID: 1943712785174533282, guid: 8e9f5b86d9ee9114aa8ae63f63be8feb, type: 3}
      propertyPath: UVModule.frameOverTime.maxCurve.m_Curve.Array.data[1].value
      value: 1
      objectReference: {fileID: 0}
    - target: {fileID: 1943712785174533282, guid: 8e9f5b86d9ee9114aa8ae63f63be8feb, type: 3}
      propertyPath: UVModule.frameOverTime.maxCurve.m_Curve.Array.data[0].inSlope
      value: 0
      objectReference: {fileID: 0}
    - target: {fileID: 1943712785174533282, guid: 8e9f5b86d9ee9114aa8ae63f63be8feb, type: 3}
      propertyPath: UVModule.frameOverTime.maxCurve.m_Curve.Array.data[1].inSlope
      value: 0
      objectReference: {fileID: 0}
    - target: {fileID: 1943712785174533282, guid: 8e9f5b86d9ee9114aa8ae63f63be8feb, type: 3}
      propertyPath: UVModule.frameOverTime.maxCurve.m_Curve.Array.data[0].outSlope
      value: 0
      objectReference: {fileID: 0}
    - target: {fileID: 1943712785174533282, guid: 8e9f5b86d9ee9114aa8ae63f63be8feb, type: 3}
      propertyPath: UVModule.frameOverTime.maxCurve.m_Curve.Array.data[1].outSlope
      value: 0
      objectReference: {fileID: 0}
    - target: {fileID: 1943712785174533282, guid: 8e9f5b86d9ee9114aa8ae63f63be8feb, type: 3}
      propertyPath: UVModule.frameOverTime.maxCurve.m_Curve.Array.data[0].tangentMode
      value: 0
      objectReference: {fileID: 0}
    - target: {fileID: 1943712785174533282, guid: 8e9f5b86d9ee9114aa8ae63f63be8feb, type: 3}
      propertyPath: UVModule.frameOverTime.maxCurve.m_Curve.Array.data[1].tangentMode
      value: 0
      objectReference: {fileID: 0}
    - target: {fileID: 1943712785174533282, guid: 8e9f5b86d9ee9114aa8ae63f63be8feb, type: 3}
      propertyPath: LifetimeByEmitterSpeedModule.m_Curve.maxCurve.m_Curve.Array.data[0].value
      value: 1
      objectReference: {fileID: 0}
    - target: {fileID: 1943712785174533282, guid: 8e9f5b86d9ee9114aa8ae63f63be8feb, type: 3}
      propertyPath: LifetimeByEmitterSpeedModule.m_Curve.maxCurve.m_Curve.Array.data[1].value
      value: 1
      objectReference: {fileID: 0}
    - target: {fileID: 1943712785174533282, guid: 8e9f5b86d9ee9114aa8ae63f63be8feb, type: 3}
      propertyPath: LifetimeByEmitterSpeedModule.m_Curve.maxCurve.m_Curve.Array.data[0].inSlope
      value: 0
      objectReference: {fileID: 0}
    - target: {fileID: 1943712785174533282, guid: 8e9f5b86d9ee9114aa8ae63f63be8feb, type: 3}
      propertyPath: LifetimeByEmitterSpeedModule.m_Curve.maxCurve.m_Curve.Array.data[1].inSlope
      value: 0
      objectReference: {fileID: 0}
    - target: {fileID: 1943712785174533282, guid: 8e9f5b86d9ee9114aa8ae63f63be8feb, type: 3}
      propertyPath: LifetimeByEmitterSpeedModule.m_Curve.maxCurve.m_Curve.Array.data[0].inWeight
      value: 0
      objectReference: {fileID: 0}
    - target: {fileID: 1943712785174533282, guid: 8e9f5b86d9ee9114aa8ae63f63be8feb, type: 3}
      propertyPath: LifetimeByEmitterSpeedModule.m_Curve.maxCurve.m_Curve.Array.data[0].outSlope
      value: 0
      objectReference: {fileID: 0}
    - target: {fileID: 1943712785174533282, guid: 8e9f5b86d9ee9114aa8ae63f63be8feb, type: 3}
      propertyPath: LifetimeByEmitterSpeedModule.m_Curve.maxCurve.m_Curve.Array.data[1].inWeight
      value: 0
      objectReference: {fileID: 0}
    - target: {fileID: 1943712785174533282, guid: 8e9f5b86d9ee9114aa8ae63f63be8feb, type: 3}
      propertyPath: LifetimeByEmitterSpeedModule.m_Curve.maxCurve.m_Curve.Array.data[1].outSlope
      value: 0
      objectReference: {fileID: 0}
    - target: {fileID: 1943712785174533282, guid: 8e9f5b86d9ee9114aa8ae63f63be8feb, type: 3}
      propertyPath: LifetimeByEmitterSpeedModule.m_Curve.maxCurve.m_Curve.Array.data[0].outWeight
      value: 0
      objectReference: {fileID: 0}
    - target: {fileID: 1943712785174533282, guid: 8e9f5b86d9ee9114aa8ae63f63be8feb, type: 3}
      propertyPath: LifetimeByEmitterSpeedModule.m_Curve.maxCurve.m_Curve.Array.data[1].outWeight
      value: 0
      objectReference: {fileID: 0}
    - target: {fileID: 1943712785174533282, guid: 8e9f5b86d9ee9114aa8ae63f63be8feb, type: 3}
      propertyPath: LifetimeByEmitterSpeedModule.m_Curve.maxCurve.m_Curve.Array.data[0].tangentMode
      value: 34
      objectReference: {fileID: 0}
    - target: {fileID: 1943712785174533282, guid: 8e9f5b86d9ee9114aa8ae63f63be8feb, type: 3}
      propertyPath: LifetimeByEmitterSpeedModule.m_Curve.maxCurve.m_Curve.Array.data[1].tangentMode
      value: 34
      objectReference: {fileID: 0}
    m_RemovedComponents: []
    m_RemovedGameObjects: []
    m_AddedGameObjects: []
    m_AddedComponents: []
  m_SourcePrefab: {fileID: 100100000, guid: 8e9f5b86d9ee9114aa8ae63f63be8feb, type: 3}
--- !u!4 &324498485893085211 stripped
Transform:
  m_CorrespondingSourceObject: {fileID: 1943712785174533277, guid: 8e9f5b86d9ee9114aa8ae63f63be8feb, type: 3}
  m_PrefabInstance: {fileID: 2195977460375989382}
  m_PrefabAsset: {fileID: 0}
--- !u!1001 &3550015213086578369
PrefabInstance:
  m_ObjectHideFlags: 0
  serializedVersion: 2
  m_Modification:
    serializedVersion: 3
    m_TransformParent: {fileID: 8746388363648410500}
    m_Modifications:
    - target: {fileID: 47465159571062279, guid: 0b43919138035984d99b757d783b196d, type: 3}
      propertyPath: m_RootOrder
      value: 0
      objectReference: {fileID: 0}
    - target: {fileID: 47465159571062279, guid: 0b43919138035984d99b757d783b196d, type: 3}
      propertyPath: m_LocalPosition.x
      value: 0
      objectReference: {fileID: 0}
    - target: {fileID: 47465159571062279, guid: 0b43919138035984d99b757d783b196d, type: 3}
      propertyPath: m_LocalPosition.y
      value: 0
      objectReference: {fileID: 0}
    - target: {fileID: 47465159571062279, guid: 0b43919138035984d99b757d783b196d, type: 3}
      propertyPath: m_LocalPosition.z
      value: 0
      objectReference: {fileID: 0}
    - target: {fileID: 47465159571062279, guid: 0b43919138035984d99b757d783b196d, type: 3}
      propertyPath: m_LocalRotation.w
      value: 1
      objectReference: {fileID: 0}
    - target: {fileID: 47465159571062279, guid: 0b43919138035984d99b757d783b196d, type: 3}
      propertyPath: m_LocalRotation.x
      value: 0
      objectReference: {fileID: 0}
    - target: {fileID: 47465159571062279, guid: 0b43919138035984d99b757d783b196d, type: 3}
      propertyPath: m_LocalRotation.y
      value: 0
      objectReference: {fileID: 0}
    - target: {fileID: 47465159571062279, guid: 0b43919138035984d99b757d783b196d, type: 3}
      propertyPath: m_LocalRotation.z
      value: 0
      objectReference: {fileID: 0}
    - target: {fileID: 47465159571062279, guid: 0b43919138035984d99b757d783b196d, type: 3}
      propertyPath: m_LocalEulerAnglesHint.x
      value: 0
      objectReference: {fileID: 0}
    - target: {fileID: 47465159571062279, guid: 0b43919138035984d99b757d783b196d, type: 3}
      propertyPath: m_LocalEulerAnglesHint.y
      value: 0
      objectReference: {fileID: 0}
    - target: {fileID: 47465159571062279, guid: 0b43919138035984d99b757d783b196d, type: 3}
      propertyPath: m_LocalEulerAnglesHint.z
      value: 0
      objectReference: {fileID: 0}
    - target: {fileID: 47465159571062328, guid: 0b43919138035984d99b757d783b196d, type: 3}
      propertyPath: looping
      value: 0
      objectReference: {fileID: 0}
    - target: {fileID: 47465159571062328, guid: 0b43919138035984d99b757d783b196d, type: 3}
      propertyPath: lengthInSec
      value: 2
      objectReference: {fileID: 0}
    - target: {fileID: 47465159571062328, guid: 0b43919138035984d99b757d783b196d, type: 3}
      propertyPath: playOnAwake
      value: 0
      objectReference: {fileID: 0}
    - target: {fileID: 47465159571062328, guid: 0b43919138035984d99b757d783b196d, type: 3}
      propertyPath: simulationSpeed
      value: 3
      objectReference: {fileID: 0}
    - target: {fileID: 47465159571062328, guid: 0b43919138035984d99b757d783b196d, type: 3}
      propertyPath: UVModule.timeMode
      value: 0
      objectReference: {fileID: 0}
    - target: {fileID: 47465159571062328, guid: 0b43919138035984d99b757d783b196d, type: 3}
      propertyPath: startDelay.scalar
      value: 0
      objectReference: {fileID: 0}
    - target: {fileID: 47465159571062328, guid: 0b43919138035984d99b757d783b196d, type: 3}
      propertyPath: UVModule.speedRange.x
      value: 0
      objectReference: {fileID: 0}
    - target: {fileID: 47465159571062328, guid: 0b43919138035984d99b757d783b196d, type: 3}
      propertyPath: UVModule.speedRange.y
      value: 1
      objectReference: {fileID: 0}
    - target: {fileID: 47465159571062328, guid: 0b43919138035984d99b757d783b196d, type: 3}
      propertyPath: VelocityModule.enabled
      value: 0
      objectReference: {fileID: 0}
    - target: {fileID: 47465159571062328, guid: 0b43919138035984d99b757d783b196d, type: 3}
      propertyPath: VelocityModule.x.scalar
      value: 1
      objectReference: {fileID: 0}
    - target: {fileID: 47465159571062328, guid: 0b43919138035984d99b757d783b196d, type: 3}
      propertyPath: VelocityModule.y.scalar
      value: 1
      objectReference: {fileID: 0}
    - target: {fileID: 47465159571062328, guid: 0b43919138035984d99b757d783b196d, type: 3}
      propertyPath: VelocityModule.z.scalar
      value: 1
      objectReference: {fileID: 0}
    - target: {fileID: 47465159571062328, guid: 0b43919138035984d99b757d783b196d, type: 3}
      propertyPath: UVModule.startFrame.scalar
      value: 0
      objectReference: {fileID: 0}
    - target: {fileID: 47465159571062328, guid: 0b43919138035984d99b757d783b196d, type: 3}
      propertyPath: VelocityModule.x.minMaxState
      value: 0
      objectReference: {fileID: 0}
    - target: {fileID: 47465159571062328, guid: 0b43919138035984d99b757d783b196d, type: 3}
      propertyPath: VelocityModule.y.minMaxState
      value: 0
      objectReference: {fileID: 0}
    - target: {fileID: 47465159571062328, guid: 0b43919138035984d99b757d783b196d, type: 3}
      propertyPath: VelocityModule.z.minMaxState
      value: 0
      objectReference: {fileID: 0}
    - target: {fileID: 47465159571062328, guid: 0b43919138035984d99b757d783b196d, type: 3}
      propertyPath: InitialModule.startSpeed.scalar
      value: 0
      objectReference: {fileID: 0}
    - target: {fileID: 47465159571062328, guid: 0b43919138035984d99b757d783b196d, type: 3}
      propertyPath: LifetimeByEmitterSpeedModule.enabled
      value: 0
      objectReference: {fileID: 0}
    - target: {fileID: 47465159571062328, guid: 0b43919138035984d99b757d783b196d, type: 3}
      propertyPath: UVModule.frameOverTime.maxCurve.m_Curve.Array.data[0].value
      value: 0
      objectReference: {fileID: 0}
    - target: {fileID: 47465159571062328, guid: 0b43919138035984d99b757d783b196d, type: 3}
      propertyPath: UVModule.frameOverTime.maxCurve.m_Curve.Array.data[1].value
      value: 1
      objectReference: {fileID: 0}
    - target: {fileID: 47465159571062328, guid: 0b43919138035984d99b757d783b196d, type: 3}
      propertyPath: UVModule.frameOverTime.maxCurve.m_Curve.Array.data[0].inSlope
      value: 0
      objectReference: {fileID: 0}
    - target: {fileID: 47465159571062328, guid: 0b43919138035984d99b757d783b196d, type: 3}
      propertyPath: UVModule.frameOverTime.maxCurve.m_Curve.Array.data[1].inSlope
      value: 0
      objectReference: {fileID: 0}
    - target: {fileID: 47465159571062328, guid: 0b43919138035984d99b757d783b196d, type: 3}
      propertyPath: UVModule.frameOverTime.maxCurve.m_Curve.Array.data[0].outSlope
      value: 0
      objectReference: {fileID: 0}
    - target: {fileID: 47465159571062328, guid: 0b43919138035984d99b757d783b196d, type: 3}
      propertyPath: UVModule.frameOverTime.maxCurve.m_Curve.Array.data[1].outSlope
      value: 0
      objectReference: {fileID: 0}
    - target: {fileID: 47465159571062328, guid: 0b43919138035984d99b757d783b196d, type: 3}
      propertyPath: UVModule.frameOverTime.maxCurve.m_Curve.Array.data[0].tangentMode
      value: 0
      objectReference: {fileID: 0}
    - target: {fileID: 47465159571062328, guid: 0b43919138035984d99b757d783b196d, type: 3}
      propertyPath: UVModule.frameOverTime.maxCurve.m_Curve.Array.data[1].tangentMode
      value: 0
      objectReference: {fileID: 0}
    - target: {fileID: 47465159571062328, guid: 0b43919138035984d99b757d783b196d, type: 3}
      propertyPath: LifetimeByEmitterSpeedModule.m_Curve.maxCurve.m_Curve.Array.data[0].value
      value: 1
      objectReference: {fileID: 0}
    - target: {fileID: 47465159571062328, guid: 0b43919138035984d99b757d783b196d, type: 3}
      propertyPath: LifetimeByEmitterSpeedModule.m_Curve.maxCurve.m_Curve.Array.data[1].value
      value: 1
      objectReference: {fileID: 0}
    - target: {fileID: 47465159571062328, guid: 0b43919138035984d99b757d783b196d, type: 3}
      propertyPath: LifetimeByEmitterSpeedModule.m_Curve.maxCurve.m_Curve.Array.data[0].inSlope
      value: 0
      objectReference: {fileID: 0}
    - target: {fileID: 47465159571062328, guid: 0b43919138035984d99b757d783b196d, type: 3}
      propertyPath: LifetimeByEmitterSpeedModule.m_Curve.maxCurve.m_Curve.Array.data[1].inSlope
      value: 0
      objectReference: {fileID: 0}
    - target: {fileID: 47465159571062328, guid: 0b43919138035984d99b757d783b196d, type: 3}
      propertyPath: LifetimeByEmitterSpeedModule.m_Curve.maxCurve.m_Curve.Array.data[0].inWeight
      value: 0
      objectReference: {fileID: 0}
    - target: {fileID: 47465159571062328, guid: 0b43919138035984d99b757d783b196d, type: 3}
      propertyPath: LifetimeByEmitterSpeedModule.m_Curve.maxCurve.m_Curve.Array.data[0].outSlope
      value: 0
      objectReference: {fileID: 0}
    - target: {fileID: 47465159571062328, guid: 0b43919138035984d99b757d783b196d, type: 3}
      propertyPath: LifetimeByEmitterSpeedModule.m_Curve.maxCurve.m_Curve.Array.data[1].inWeight
      value: 0
      objectReference: {fileID: 0}
    - target: {fileID: 47465159571062328, guid: 0b43919138035984d99b757d783b196d, type: 3}
      propertyPath: LifetimeByEmitterSpeedModule.m_Curve.maxCurve.m_Curve.Array.data[1].outSlope
      value: 0
      objectReference: {fileID: 0}
    - target: {fileID: 47465159571062328, guid: 0b43919138035984d99b757d783b196d, type: 3}
      propertyPath: LifetimeByEmitterSpeedModule.m_Curve.maxCurve.m_Curve.Array.data[0].outWeight
      value: 0
      objectReference: {fileID: 0}
    - target: {fileID: 47465159571062328, guid: 0b43919138035984d99b757d783b196d, type: 3}
      propertyPath: LifetimeByEmitterSpeedModule.m_Curve.maxCurve.m_Curve.Array.data[1].outWeight
      value: 0
      objectReference: {fileID: 0}
    - target: {fileID: 47465159571062328, guid: 0b43919138035984d99b757d783b196d, type: 3}
      propertyPath: LifetimeByEmitterSpeedModule.m_Curve.maxCurve.m_Curve.Array.data[0].tangentMode
      value: 34
      objectReference: {fileID: 0}
    - target: {fileID: 47465159571062328, guid: 0b43919138035984d99b757d783b196d, type: 3}
      propertyPath: LifetimeByEmitterSpeedModule.m_Curve.maxCurve.m_Curve.Array.data[1].tangentMode
      value: 34
      objectReference: {fileID: 0}
    - target: {fileID: 47465159571062330, guid: 0b43919138035984d99b757d783b196d, type: 3}
      propertyPath: m_Name
      value: Smoke2
      objectReference: {fileID: 0}
    m_RemovedComponents: []
    m_RemovedGameObjects: []
    m_AddedGameObjects: []
    m_AddedComponents: []
  m_SourcePrefab: {fileID: 100100000, guid: 0b43919138035984d99b757d783b196d, type: 3}
--- !u!4 &3597409943674857670 stripped
Transform:
  m_CorrespondingSourceObject: {fileID: 47465159571062279, guid: 0b43919138035984d99b757d783b196d, type: 3}
  m_PrefabInstance: {fileID: 3550015213086578369}
  m_PrefabAsset: {fileID: 0}
--- !u!1001 &4612544261729993883
PrefabInstance:
  m_ObjectHideFlags: 0
  serializedVersion: 2
  m_Modification:
    serializedVersion: 3
    m_TransformParent: {fileID: 8746388363648410500}
    m_Modifications:
    - target: {fileID: 1243979746579204510, guid: 65e8351c880b1e54aaaeddcb39ad532e, type: 3}
      propertyPath: m_RootOrder
      value: 0
      objectReference: {fileID: 0}
    - target: {fileID: 1243979746579204510, guid: 65e8351c880b1e54aaaeddcb39ad532e, type: 3}
      propertyPath: m_LocalPosition.x
      value: 0
      objectReference: {fileID: 0}
    - target: {fileID: 1243979746579204510, guid: 65e8351c880b1e54aaaeddcb39ad532e, type: 3}
      propertyPath: m_LocalPosition.y
      value: 0
      objectReference: {fileID: 0}
    - target: {fileID: 1243979746579204510, guid: 65e8351c880b1e54aaaeddcb39ad532e, type: 3}
      propertyPath: m_LocalPosition.z
      value: 0
      objectReference: {fileID: 0}
    - target: {fileID: 1243979746579204510, guid: 65e8351c880b1e54aaaeddcb39ad532e, type: 3}
      propertyPath: m_LocalRotation.w
      value: 1
      objectReference: {fileID: 0}
    - target: {fileID: 1243979746579204510, guid: 65e8351c880b1e54aaaeddcb39ad532e, type: 3}
      propertyPath: m_LocalRotation.x
      value: 0
      objectReference: {fileID: 0}
    - target: {fileID: 1243979746579204510, guid: 65e8351c880b1e54aaaeddcb39ad532e, type: 3}
      propertyPath: m_LocalRotation.y
      value: 0
      objectReference: {fileID: 0}
    - target: {fileID: 1243979746579204510, guid: 65e8351c880b1e54aaaeddcb39ad532e, type: 3}
      propertyPath: m_LocalRotation.z
      value: 0
      objectReference: {fileID: 0}
    - target: {fileID: 1243979746579204510, guid: 65e8351c880b1e54aaaeddcb39ad532e, type: 3}
      propertyPath: m_LocalEulerAnglesHint.x
      value: 0
      objectReference: {fileID: 0}
    - target: {fileID: 1243979746579204510, guid: 65e8351c880b1e54aaaeddcb39ad532e, type: 3}
      propertyPath: m_LocalEulerAnglesHint.y
      value: 0
      objectReference: {fileID: 0}
    - target: {fileID: 1243979746579204510, guid: 65e8351c880b1e54aaaeddcb39ad532e, type: 3}
      propertyPath: m_LocalEulerAnglesHint.z
      value: 0
      objectReference: {fileID: 0}
    - target: {fileID: 1243979746579204513, guid: 65e8351c880b1e54aaaeddcb39ad532e, type: 3}
      propertyPath: looping
      value: 0
      objectReference: {fileID: 0}
    - target: {fileID: 1243979746579204513, guid: 65e8351c880b1e54aaaeddcb39ad532e, type: 3}
      propertyPath: lengthInSec
      value: 2
      objectReference: {fileID: 0}
    - target: {fileID: 1243979746579204513, guid: 65e8351c880b1e54aaaeddcb39ad532e, type: 3}
      propertyPath: playOnAwake
      value: 0
      objectReference: {fileID: 0}
    - target: {fileID: 1243979746579204513, guid: 65e8351c880b1e54aaaeddcb39ad532e, type: 3}
      propertyPath: simulationSpeed
      value: 3
      objectReference: {fileID: 0}
    - target: {fileID: 1243979746579204513, guid: 65e8351c880b1e54aaaeddcb39ad532e, type: 3}
      propertyPath: UVModule.timeMode
      value: 0
      objectReference: {fileID: 0}
    - target: {fileID: 1243979746579204513, guid: 65e8351c880b1e54aaaeddcb39ad532e, type: 3}
      propertyPath: startDelay.scalar
      value: 0
      objectReference: {fileID: 0}
    - target: {fileID: 1243979746579204513, guid: 65e8351c880b1e54aaaeddcb39ad532e, type: 3}
      propertyPath: UVModule.speedRange.x
      value: 0
      objectReference: {fileID: 0}
    - target: {fileID: 1243979746579204513, guid: 65e8351c880b1e54aaaeddcb39ad532e, type: 3}
      propertyPath: UVModule.speedRange.y
      value: 1
      objectReference: {fileID: 0}
    - target: {fileID: 1243979746579204513, guid: 65e8351c880b1e54aaaeddcb39ad532e, type: 3}
      propertyPath: VelocityModule.enabled
      value: 0
      objectReference: {fileID: 0}
    - target: {fileID: 1243979746579204513, guid: 65e8351c880b1e54aaaeddcb39ad532e, type: 3}
      propertyPath: VelocityModule.x.scalar
      value: 1
      objectReference: {fileID: 0}
    - target: {fileID: 1243979746579204513, guid: 65e8351c880b1e54aaaeddcb39ad532e, type: 3}
      propertyPath: VelocityModule.y.scalar
      value: 1
      objectReference: {fileID: 0}
    - target: {fileID: 1243979746579204513, guid: 65e8351c880b1e54aaaeddcb39ad532e, type: 3}
      propertyPath: VelocityModule.z.scalar
      value: 1
      objectReference: {fileID: 0}
    - target: {fileID: 1243979746579204513, guid: 65e8351c880b1e54aaaeddcb39ad532e, type: 3}
      propertyPath: UVModule.startFrame.scalar
      value: 0
      objectReference: {fileID: 0}
    - target: {fileID: 1243979746579204513, guid: 65e8351c880b1e54aaaeddcb39ad532e, type: 3}
      propertyPath: VelocityModule.x.minMaxState
      value: 0
      objectReference: {fileID: 0}
    - target: {fileID: 1243979746579204513, guid: 65e8351c880b1e54aaaeddcb39ad532e, type: 3}
      propertyPath: VelocityModule.y.minMaxState
      value: 0
      objectReference: {fileID: 0}
    - target: {fileID: 1243979746579204513, guid: 65e8351c880b1e54aaaeddcb39ad532e, type: 3}
      propertyPath: VelocityModule.z.minMaxState
      value: 0
      objectReference: {fileID: 0}
    - target: {fileID: 1243979746579204513, guid: 65e8351c880b1e54aaaeddcb39ad532e, type: 3}
      propertyPath: InitialModule.startSpeed.scalar
      value: 0
      objectReference: {fileID: 0}
    - target: {fileID: 1243979746579204513, guid: 65e8351c880b1e54aaaeddcb39ad532e, type: 3}
      propertyPath: LifetimeByEmitterSpeedModule.enabled
      value: 0
      objectReference: {fileID: 0}
    - target: {fileID: 1243979746579204513, guid: 65e8351c880b1e54aaaeddcb39ad532e, type: 3}
      propertyPath: UVModule.frameOverTime.maxCurve.m_Curve.Array.data[0].value
      value: 0
      objectReference: {fileID: 0}
    - target: {fileID: 1243979746579204513, guid: 65e8351c880b1e54aaaeddcb39ad532e, type: 3}
      propertyPath: UVModule.frameOverTime.maxCurve.m_Curve.Array.data[1].value
      value: 1
      objectReference: {fileID: 0}
    - target: {fileID: 1243979746579204513, guid: 65e8351c880b1e54aaaeddcb39ad532e, type: 3}
      propertyPath: UVModule.frameOverTime.maxCurve.m_Curve.Array.data[0].inSlope
      value: 0
      objectReference: {fileID: 0}
    - target: {fileID: 1243979746579204513, guid: 65e8351c880b1e54aaaeddcb39ad532e, type: 3}
      propertyPath: UVModule.frameOverTime.maxCurve.m_Curve.Array.data[1].inSlope
      value: 0
      objectReference: {fileID: 0}
    - target: {fileID: 1243979746579204513, guid: 65e8351c880b1e54aaaeddcb39ad532e, type: 3}
      propertyPath: UVModule.frameOverTime.maxCurve.m_Curve.Array.data[0].outSlope
      value: 0
      objectReference: {fileID: 0}
    - target: {fileID: 1243979746579204513, guid: 65e8351c880b1e54aaaeddcb39ad532e, type: 3}
      propertyPath: UVModule.frameOverTime.maxCurve.m_Curve.Array.data[1].outSlope
      value: 0
      objectReference: {fileID: 0}
    - target: {fileID: 1243979746579204513, guid: 65e8351c880b1e54aaaeddcb39ad532e, type: 3}
      propertyPath: UVModule.frameOverTime.maxCurve.m_Curve.Array.data[0].tangentMode
      value: 0
      objectReference: {fileID: 0}
    - target: {fileID: 1243979746579204513, guid: 65e8351c880b1e54aaaeddcb39ad532e, type: 3}
      propertyPath: UVModule.frameOverTime.maxCurve.m_Curve.Array.data[1].tangentMode
      value: 0
      objectReference: {fileID: 0}
    - target: {fileID: 1243979746579204513, guid: 65e8351c880b1e54aaaeddcb39ad532e, type: 3}
      propertyPath: LifetimeByEmitterSpeedModule.m_Curve.maxCurve.m_Curve.Array.data[0].value
      value: 1
      objectReference: {fileID: 0}
    - target: {fileID: 1243979746579204513, guid: 65e8351c880b1e54aaaeddcb39ad532e, type: 3}
      propertyPath: LifetimeByEmitterSpeedModule.m_Curve.maxCurve.m_Curve.Array.data[1].value
      value: 1
      objectReference: {fileID: 0}
    - target: {fileID: 1243979746579204513, guid: 65e8351c880b1e54aaaeddcb39ad532e, type: 3}
      propertyPath: LifetimeByEmitterSpeedModule.m_Curve.maxCurve.m_Curve.Array.data[0].inSlope
      value: 0
      objectReference: {fileID: 0}
    - target: {fileID: 1243979746579204513, guid: 65e8351c880b1e54aaaeddcb39ad532e, type: 3}
      propertyPath: LifetimeByEmitterSpeedModule.m_Curve.maxCurve.m_Curve.Array.data[1].inSlope
      value: 0
      objectReference: {fileID: 0}
    - target: {fileID: 1243979746579204513, guid: 65e8351c880b1e54aaaeddcb39ad532e, type: 3}
      propertyPath: LifetimeByEmitterSpeedModule.m_Curve.maxCurve.m_Curve.Array.data[0].inWeight
      value: 0
      objectReference: {fileID: 0}
    - target: {fileID: 1243979746579204513, guid: 65e8351c880b1e54aaaeddcb39ad532e, type: 3}
      propertyPath: LifetimeByEmitterSpeedModule.m_Curve.maxCurve.m_Curve.Array.data[0].outSlope
      value: 0
      objectReference: {fileID: 0}
    - target: {fileID: 1243979746579204513, guid: 65e8351c880b1e54aaaeddcb39ad532e, type: 3}
      propertyPath: LifetimeByEmitterSpeedModule.m_Curve.maxCurve.m_Curve.Array.data[1].inWeight
      value: 0
      objectReference: {fileID: 0}
    - target: {fileID: 1243979746579204513, guid: 65e8351c880b1e54aaaeddcb39ad532e, type: 3}
      propertyPath: LifetimeByEmitterSpeedModule.m_Curve.maxCurve.m_Curve.Array.data[1].outSlope
      value: 0
      objectReference: {fileID: 0}
    - target: {fileID: 1243979746579204513, guid: 65e8351c880b1e54aaaeddcb39ad532e, type: 3}
      propertyPath: LifetimeByEmitterSpeedModule.m_Curve.maxCurve.m_Curve.Array.data[0].outWeight
      value: 0
      objectReference: {fileID: 0}
    - target: {fileID: 1243979746579204513, guid: 65e8351c880b1e54aaaeddcb39ad532e, type: 3}
      propertyPath: LifetimeByEmitterSpeedModule.m_Curve.maxCurve.m_Curve.Array.data[1].outWeight
      value: 0
      objectReference: {fileID: 0}
    - target: {fileID: 1243979746579204513, guid: 65e8351c880b1e54aaaeddcb39ad532e, type: 3}
      propertyPath: LifetimeByEmitterSpeedModule.m_Curve.maxCurve.m_Curve.Array.data[0].tangentMode
      value: 34
      objectReference: {fileID: 0}
    - target: {fileID: 1243979746579204513, guid: 65e8351c880b1e54aaaeddcb39ad532e, type: 3}
      propertyPath: LifetimeByEmitterSpeedModule.m_Curve.maxCurve.m_Curve.Array.data[1].tangentMode
      value: 34
      objectReference: {fileID: 0}
    - target: {fileID: 1243979746579204515, guid: 65e8351c880b1e54aaaeddcb39ad532e, type: 3}
      propertyPath: m_Name
      value: Smoke1
      objectReference: {fileID: 0}
    m_RemovedComponents: []
    m_RemovedGameObjects: []
    m_AddedGameObjects: []
    m_AddedComponents: []
  m_SourcePrefab: {fileID: 100100000, guid: 65e8351c880b1e54aaaeddcb39ad532e, type: 3}
--- !u!4 &5854833912165731589 stripped
Transform:
  m_CorrespondingSourceObject: {fileID: 1243979746579204510, guid: 65e8351c880b1e54aaaeddcb39ad532e, type: 3}
  m_PrefabInstance: {fileID: 4612544261729993883}
  m_PrefabAsset: {fileID: 0}
